@misc{bpf-sock,
 title = {{net: Add bpf support for sockets}},
 author = {David Ahern},
 note = "https://lwn.net/Articles/708019/",
}

@misc{sk-lookup-rfc,
 title = {{[RFC bpf-next 00/11] Add socket lookup support}},
 author = {{Joe Stringer}},
 note = "https://xxx",
}

@misc{netdev-sk-select,
 title = {{xxx}},
 author = {{Daniel Borkmann}},
 note = "https://xxx",
}
